<record><leader>00000cas a22000007a 4500</leader><controlfield tag="001">13207925</controlfield><controlfield tag="008">860227d19271927idudn ne      0    0eng d</controlfield><datafield ind1=" " ind2=" " tag="010"><subfield code="a">sn 86091198 </subfield></datafield><datafield ind1=" " ind2=" " tag="040"><subfield code="a">UNP</subfield><subfield code="b">eng</subfield><subfield code="c">UNP</subfield><subfield code="d">NVB</subfield><subfield code="d">OCLCQ</subfield><subfield code="d">OCLCF</subfield><subfield code="d">OCLCO</subfield></datafield><datafield ind1="1" ind2=" " tag="029"><subfield code="a">AU@</subfield><subfield code="b">000025797400</subfield></datafield><datafield ind1=" " ind2=" " tag="042"><subfield code="a">msc</subfield></datafield><datafield ind1=" " ind2=" " tag="043"><subfield code="a">n-us-id</subfield></datafield><datafield ind1=" " ind2="4" tag="050"><subfield code="a">AN2.I2</subfield><subfield code="b">D34</subfield></datafield><datafield ind1="0" ind2=" " tag="130"><subfield code="a">Daily Republican (Blackfoot, Idaho)</subfield></datafield><datafield ind1="1" ind2="4" tag="245"><subfield code="a">The daily Republican.</subfield></datafield><datafield ind1=" " ind2=" " tag="260"><subfield code="a">Blackfoot, Idaho :</subfield><subfield code="b">B. Trego</subfield></datafield><datafield ind1=" " ind2=" " tag="300"><subfield code="a">v.</subfield></datafield><datafield ind1=" " ind2=" " tag="310"><subfield code="a">Daily (except Sun.)</subfield></datafield><datafield ind1="0" ind2=" " tag="362"><subfield code="a">Vol. 22, no. 1 (Apr. 11, 1927)-v. 22, no. 17 (Apr. 29, 1927) ; v. 1, no. 18 (Apr. 30, 1927)-v. 1, no. 155 (Oct. 12, 1927).</subfield></datafield><datafield ind1=" " ind2=" " tag="515"><subfield code="a">Assumes the volume numbering of The Idaho Republican, Apr. 11-29, 1927.</subfield></datafield><datafield ind1=" " ind2=" " tag="580"><subfield code="a">Weekly ed.: Idaho Republican.</subfield></datafield><datafield ind1=" " ind2="0" tag="651"><subfield code="a">Blackfoot (Idaho)</subfield><subfield code="v">Newspapers.</subfield></datafield><datafield ind1=" " ind2="7" tag="655"><subfield code="a">Newspapers.</subfield><subfield code="2">fast</subfield><subfield code="0">(OCoLC)fst01423814</subfield></datafield><datafield ind1=" " ind2="7" tag="651"><subfield code="a">Idaho</subfield><subfield code="z">Blackfoot.</subfield><subfield code="2">fast</subfield><subfield code="0">(OCoLC)fst01230546</subfield></datafield><datafield ind1=" " ind2=" " tag="752"><subfield code="a">United States</subfield><subfield code="b">Idaho</subfield><subfield code="c">Bingham</subfield><subfield code="d">Blackfoot.</subfield></datafield><datafield ind1="1" ind2=" " tag="775"><subfield code="t">Idaho Republican</subfield><subfield code="w">(DLC)sn 86091197</subfield><subfield code="w">(OCoLC)13207777</subfield></datafield><datafield ind1="0" ind2="7" tag="785"><subfield code="t">Evening bulletin (Blackfoot, Idaho)</subfield><subfield code="w">(DLC)sn 88056019</subfield></datafield><datafield ind1="0" ind2="7" tag="785"><subfield code="t">Daily bulletin (Blackfoot, Idaho)</subfield><subfield code="w">(DLC)sn 82006827</subfield><subfield code="w">(OCoLC)8793008</subfield></datafield></record>